%% This BibTeX bibliography file was created using BibDesk.
%% http://bibdesk.sourceforge.net/


%% Created for vibarra at 2017-06-26 14:49:17 +0200 


%% Saved with string encoding Unicode (UTF-8) 
@article{SCH97,
	Acmid = {2205129},
	Address = {Piscataway, NJ, USA},
	Author = {M. Schuster and K.K. Paliwal},
	Date-Added = {2017-04-19 07:52:32 +0000},
	Date-Modified = {2017-04-19 07:52:38 +0000},
	Doi = {10.1109/78.650093},
	Issn = {1053-587X},
	Issue_Date = {November 1997},
	Journal = {Trans. Sig. Proc.},
	Month = nov,
	Number = {11},
	Numpages = {9},
	Pages = {2673--2681},
	Publisher = {IEEE Press},
	Title = {Bidirectional Recurrent Neural Networks},
	Url = {http://dx.doi.org/10.1109/78.650093},
	Volume = {45},
	Year = {1997},
	Bdsk-Url-1 = {http://dx.doi.org/10.1109/78.650093}}

	@article{HO97,
	Acmid = {1246450},
	Address = {Cambridge, MA, USA},
	Author = {S. Hochreiter and J. Schmidhuber},
	Date-Added = {2017-04-19 07:51:14 +0000},
	Date-Modified = {2017-04-19 07:51:25 +0000},
	Doi = {10.1162/neco.1997.9.8.1735},
	Issn = {0899-7667},
	Issue_Date = {November 15, 1997},
	Journal = {Neural Comput.},
	Month = nov,
	Number = {8},
	Numpages = {46},
	Pages = {1735--1780},
	Publisher = {MIT Press},
	Title = {Long Short-Term Memory},
	Url = {http://dx.doi.org/10.1162/neco.1997.9.8.1735},
	Volume = {9},
	Year = {1997},
	Bdsk-Url-1 = {http://dx.doi.org/10.1162/neco.1997.9.8.1735}}
	@article{ZE13,
  added-at = {2013-12-03T00:00:00.000+0100},
  author = {Zeiler, Matthew D. and Fergus, Rob},
  biburl = {https://www.bibsonomy.org/bibtex/2b52005fe7a966d5e37ab94aeb9544cff/dblp},
  ee = {http://arxiv.org/abs/1311.2901},
  interhash = {768566ccb1631027c31ecd83b6170649},
  intrahash = {b52005fe7a966d5e37ab94aeb9544cff},
  journal = {CoRR},
  keywords = {dblp},
  timestamp = {2013-12-04T11:33:11.000+0100},
  title = {Visualizing and Understanding Convolutional Networks.},
  url = {http://dblp.uni-trier.de/db/journals/corr/corr1311.html#ZeilerF13},
  volume = {abs/1311.2901},
  year = 2013
}

@INPROCEEDINGS{Glorot10,
    author = {Xavier Glorot and Yoshua Bengio},
    title = {Understanding the difficulty of training deep feedforward neural networks},
    booktitle = {In Proceedings of the International Conference on Artificial Intelligence and Statistics (AISTATS'10). Society for Artificial Intelligence and Statistics},
    year = {2010}
}



@inproceedings{Glorot11,
  added-at = {2014-04-01T20:16:10.000+0200},
  author = {Glorot, Xavier and Bordes, Antoine and Bengio, Yoshua},
  biburl = {https://www.bibsonomy.org/bibtex/256f5ffd25378f109c8cc14394bcfdabb/prlz77},
  booktitle = {AISTATS},
  editor = {Gordon, Geoffrey J. and Dunson, David B. and Dudík, Miroslav},
  ee = {http://www.jmlr.org/proceedings/papers/v15/glorot11a/glorot11a.pdf},
  interhash = {fbf04ef5079b11118f3f3184b1068d88},
  intrahash = {56f5ffd25378f109c8cc14394bcfdabb},
  keywords = {Bengio Deep Networks Neural Rectifier Relu Sparse},
  pages = {315-323},
  publisher = {JMLR.org},
  series = {JMLR Proceedings},
  timestamp = {2014-04-01T20:16:10.000+0200},
  title = {Deep Sparse Rectifier Neural Networks.},
  url = {http://dblp.uni-trier.de/db/journals/jmlr/jmlrp15.html#GlorotBB11},
  volume = 15,
  year = 2011
}
	
@inproceedings{Nair10,
  added-at = {2010-09-06T00:00:00.000+0200},
  author = {Nair, Vinod and Hinton, Geoffrey E.},
  biburl = {https://www.bibsonomy.org/bibtex/2059683ca9b2457d248942520babbe000/dblp},
  booktitle = {ICML},
  editor = {Fürnkranz, Johannes and Joachims, Thorsten},
  ee = {http://www.icml2010.org/papers/432.pdf},
  interhash = {acefcb0a5d1a937232f02f3fe0d5ab86},
  intrahash = {059683ca9b2457d248942520babbe000},
  keywords = {dblp},
  pages = {807-814},
  publisher = {Omnipress},
  timestamp = {2015-06-19T11:36:45.000+0200},
  title = {Rectified Linear Units Improve Restricted Boltzmann Machines.},
  url = {http://dblp.uni-trier.de/db/conf/icml/icml2010.html#NairH10},
  year = 2010
}

@inproceedings{Ioffe15,
  added-at = {2015-07-05T00:00:00.000+0200},
  author = {Ioffe, Sergey and Szegedy, Christian},
  biburl = {https://www.bibsonomy.org/bibtex/2abe842b579df1805a67aa33536db30ab/dblp},
  booktitle = {ICML},
  editor = {Bach, Francis R. and Blei, David M.},
  ee = {http://jmlr.org/proceedings/papers/v37/ioffe15.html},
  interhash = {bf2b461f54850dbae02a295b9f5e799b},
  intrahash = {abe842b579df1805a67aa33536db30ab},
  keywords = {dblp},
  pages = {448-456},
  publisher = {JMLR.org},
  series = {JMLR Workshop and Conference Proceedings},
  timestamp = {2016-07-13T11:45:06.000+0200},
  title = {Batch Normalization: Accelerating Deep Network Training by Reducing Internal Covariate Shift.},
  url = {http://dblp.uni-trier.de/db/conf/icml/icml2015.html#IoffeS15},
  volume = 37,
  year = 2015
}

@incollection{LeCun90,
 author = {Cun, Y. Le and Boser, B. and Denker, J. S. and Howard, R. E. and Habbard, W. and Jackel, L. D. and Henderson, D.},
 chapter = {Handwritten Digit Recognition with a Back-propagation Network},
 title = {Advances in Neural Information Processing Systems 2},
 editor = {Touretzky, David S.},
 year = {1990},
 isbn = {1-55860-100-7},
 pages = {396--404},
 numpages = {9},
 acmid = {109279},
 publisher = {Morgan Kaufmann Publishers Inc.},
 address = {San Francisco, CA, USA}
} 

@article{Vinyals14,
  author    = {O. Vinyals and
               A. Toshev and
               S. Bengio and
               D. Erhan},
  title     = {Show and Tell: {A} Neural Image Caption Generator},
  journal   = {CoRR},
  volume    = {abs/1411.4555},
  year      = {2014},
  url       = {http://arxiv.org/abs/1411.4555},
  timestamp = {Wed, 07 Jun 2017 14:41:10 +0200}
}
@article{Graves14,
  author    = {A Graves and
               G Wayne and
               I Danihelka},
  title     = {Neural Turing Machines},
  journal   = {CoRR},
  volume    = {abs/1410.5401},
  year      = {2014},
  url       = {http://arxiv.org/abs/1410.5401},
  timestamp = {Wed, 07 Jun 2017 14:42:19 +0200},
}

@article{Graves13,
  author    = {A. Graves},
  title     = {Generating Sequences With Recurrent Neural Networks},
  journal   = {CoRR},
  volume    = {abs/1308.0850},
  year      = {2013},
  url       = {http://arxiv.org/abs/1308.0850},
  timestamp = {Wed, 07 Jun 2017 14:40:15 +0200},
}


@article{Makhzani15,
	Author = {Alireza Makhzani and Jonathon Shlens and Navdeep Jaitly and Ian J. Goodfellow},
	Bibsource = {dblp computer science bibliography, http://dblp.org},
	Biburl = {http://dblp.uni-trier.de/rec/bib/journals/corr/MakhzaniSJG15},
	Date-Added = {2017-06-26 12:49:01 +0000},
	Date-Modified = {2017-06-26 12:49:14 +0000},
	Journal = {CoRR},
	Timestamp = {Wed, 07 Jun 2017 14:42:14 +0200},
	Title = {Adversarial Autoencoders},
	Url = {http://arxiv.org/abs/1511.05644},
	Volume = {abs/1511.05644},
	Year = {2015},
	Bdsk-Url-1 = {http://arxiv.org/abs/1511.05644}}

@article{Chen16,
	Author = {Xi Chen and Yan Duan and Rein Houthooft and John Schulman and Ilya Sutskever and Pieter Abbeel},
	Bibsource = {dblp computer science bibliography, http://dblp.org},
	Biburl = {http://dblp.uni-trier.de/rec/bib/journals/corr/ChenDHSSA16},
	Date-Added = {2017-06-26 12:46:50 +0000},
	Date-Modified = {2017-06-26 12:47:00 +0000},
	Journal = {CoRR},
	Timestamp = {Wed, 07 Jun 2017 14:43:14 +0200},
	Title = {InfoGAN: Interpretable Representation Learning by Information Maximizing Generative Adversarial Nets},
	Url = {http://arxiv.org/abs/1606.03657},
	Volume = {abs/1606.03657},
	Year = {2016},
	Bdsk-Url-1 = {http://arxiv.org/abs/1606.03657}}

@article{Reed16,
	Author = {Scott E. Reed and Zeynep Akata and Xinchen Yan and Lajanugen Logeswaran and Bernt Schiele and Honglak Lee},
	Bibsource = {dblp computer science bibliography, http://dblp.org},
	Biburl = {http://dblp.uni-trier.de/rec/bib/journals/corr/ReedAYLSL16},
	Date-Added = {2017-06-26 12:38:46 +0000},
	Date-Modified = {2017-06-26 12:38:54 +0000},
	Journal = {CoRR},
	Timestamp = {Wed, 07 Jun 2017 14:40:14 +0200},
	Title = {Generative Adversarial Text to Image Synthesis},
	Url = {http://arxiv.org/abs/1605.05396},
	Volume = {abs/1605.05396},
	Year = {2016},
	Bdsk-Url-1 = {http://arxiv.org/abs/1605.05396}}

@article{Mirza14,
	Author = {Mehdi Mirza and Simon Osindero},
	Bibsource = {dblp computer science bibliography, http://dblp.org},
	Biburl = {http://dblp.uni-trier.de/rec/bib/journals/corr/MirzaO14},
	Date-Added = {2017-06-26 12:31:03 +0000},
	Date-Modified = {2017-06-26 12:31:13 +0000},
	Journal = {CoRR},
	Timestamp = {Wed, 07 Jun 2017 14:40:37 +0200},
	Title = {Conditional Generative Adversarial Nets},
	Url = {http://arxiv.org/abs/1411.1784},
	Volume = {abs/1411.1784},
	Year = {2014},
	Bdsk-Url-1 = {http://arxiv.org/abs/1411.1784}}

@article{Radford15,
	Author = {Alec Radford and Luke Metz and Soumith Chintala},
	Bibsource = {dblp computer science bibliography, http://dblp.org},
	Biburl = {http://dblp.uni-trier.de/rec/bib/journals/corr/RadfordMC15},
	Date-Added = {2017-06-26 12:28:24 +0000},
	Date-Modified = {2017-06-26 12:28:37 +0000},
	Journal = {CoRR},
	Timestamp = {Wed, 07 Jun 2017 14:40:30 +0200},
	Title = {Unsupervised Representation Learning with Deep Convolutional Generative Adversarial Networks},
	Url = {http://arxiv.org/abs/1511.06434},
	Volume = {abs/1511.06434},
	Year = {2015},
	Bdsk-Url-1 = {http://arxiv.org/abs/1511.06434}}

@article{Kingma13,
	Added-At = {2014-01-06T00:00:00.000+0100},
	Author = {Kingma, Diederik P. and Welling, Max},
	Biburl = {https://www.bibsonomy.org/bibtex/2486ad13a443259d137cb57be1dc77002/dblp},
	Date-Added = {2017-06-15 08:28:16 +0000},
	Date-Modified = {2017-06-15 08:28:27 +0000},
	Ee = {http://arxiv.org/abs/1312.6114},
	Interhash = {85731e0fbdb10b8543ea9f55301b37a5},
	Intrahash = {486ad13a443259d137cb57be1dc77002},
	Journal = {CoRR},
	Keywords = {dblp},
	Timestamp = {2014-01-07T11:34:31.000+0100},
	Title = {Auto-Encoding Variational Bayes.},
	Url = {http://dblp.uni-trier.de/db/journals/corr/corr1312.html#KingmaW13},
	Volume = {abs/1312.6114},
	Year = 2013,
	Bdsk-Url-1 = {http://dblp.uni-trier.de/db/journals/corr/corr1312.html#KingmaW13}}

@article{Kingma13,
	Added-At = {2014-01-06T00:00:00.000+0100},
	Author = {D. Kingma and M. Welling},
	Biburl = {https://www.bibsonomy.org/bibtex/2486ad13a443259d137cb57be1dc77002/dblp},
	Date-Added = {2017-06-15 08:28:16 +0000},
	Date-Modified = {2017-06-15 08:28:27 +0000},
	Ee = {http://arxiv.org/abs/1312.6114},
	Interhash = {85731e0fbdb10b8543ea9f55301b37a5},
	Intrahash = {486ad13a443259d137cb57be1dc77002},
	Journal = {CoRR},
	Keywords = {dblp},
	Timestamp = {2014-01-07T11:34:31.000+0100},
	Title = {Auto-Encoding Variational Bayes.},
	Url = {http://dblp.uni-trier.de/db/journals/corr/corr1312.html#KingmaW13},
	Volume = {abs/1312.6114},
	Year = 2013,
	Bdsk-Url-1 = {http://dblp.uni-trier.de/db/journals/corr/corr1312.html#KingmaW13}}
	

@article{Yoo16,
	Author = {Donggeun Yoo and Namil Kim and Sunggyun Park and Anthony S. Paek and In{-}So Kweon},
	Bibsource = {dblp computer science bibliography, http://dblp.org},
	Biburl = {http://dblp.uni-trier.de/rec/bib/journals/corr/YooKPPK16},
	Date-Added = {2017-06-14 15:25:06 +0000},
	Date-Modified = {2017-06-14 15:25:12 +0000},
	Journal = {CoRR},
	Timestamp = {Wed, 07 Jun 2017 14:41:41 +0200},
	Title = {Pixel-Level Domain Transfer},
	Url = {http://arxiv.org/abs/1603.07442},
	Volume = {abs/1603.07442},
	Year = {2016},
	Bdsk-Url-1 = {http://arxiv.org/abs/1603.07442}}

@article{Vondrick16,
	Author = {Carl Vondrick and Hamed Pirsiavash and Antonio Torralba},
	Bibsource = {dblp computer science bibliography, http://dblp.org},
	Biburl = {http://dblp.uni-trier.de/rec/bib/journals/corr/VondrickPT16},
	Date-Added = {2017-06-14 15:23:26 +0000},
	Date-Modified = {2017-06-14 15:23:32 +0000},
	Journal = {CoRR},
	Timestamp = {Wed, 07 Jun 2017 14:42:08 +0200},
	Title = {Generating Videos with Scene Dynamics},
	Url = {http://arxiv.org/abs/1609.02612},
	Volume = {abs/1609.02612},
	Year = {2016},
	Bdsk-Url-1 = {http://arxiv.org/abs/1609.02612}}

@article{Ledig16,
	Author = {Christian Ledig and Lucas Theis and Ferenc Huszar and Jose Caballero and Andrew P. Aitken and Alykhan Tejani and Johannes Totz and Zehan Wang and Wenzhe Shi},
	Bibsource = {dblp computer science bibliography, http://dblp.org},
	Biburl = {http://dblp.uni-trier.de/rec/bib/journals/corr/LedigTHCATTWS16},
	Date-Added = {2017-06-14 15:21:50 +0000},
	Date-Modified = {2017-06-14 15:22:01 +0000},
	Journal = {CoRR},
	Timestamp = {Wed, 07 Jun 2017 14:40:32 +0200},
	Title = {Photo-Realistic Single Image Super-Resolution Using a Generative Adversarial Network},
	Url = {http://arxiv.org/abs/1609.04802},
	Volume = {abs/1609.04802},
	Year = {2016},
	Bdsk-Url-1 = {http://arxiv.org/abs/1609.04802}}

@article{Zhang16,
	Author = {Han Zhang and Tao Xu and Hongsheng Li and Shaoting Zhang and Xiaolei Huang and Xiaogang Wang and Dimitris N. Metaxas},
	Bibsource = {dblp computer science bibliography, http://dblp.org},
	Biburl = {http://dblp.uni-trier.de/rec/bib/journals/corr/ZhangXLZHWM16},
	Date-Added = {2017-06-14 15:18:14 +0000},
	Date-Modified = {2017-06-14 15:18:21 +0000},
	Journal = {CoRR},
	Timestamp = {Wed, 07 Jun 2017 14:41:37 +0200},
	Title = {StackGAN: Text to Photo-realistic Image Synthesis with Stacked Generative Adversarial Networks},
	Url = {http://arxiv.org/abs/1612.03242},
	Volume = {abs/1612.03242},
	Year = {2016},
	Bdsk-Url-1 = {http://arxiv.org/abs/1612.03242}}

@incollection{Goodfellow14,
	Author = {Goodfellow, Ian and Pouget-Abadie, Jean and Mirza, Mehdi and Xu, Bing and Warde-Farley, David and Ozair, Sherjil and Courville, Aaron and Bengio, Yoshua},
	Booktitle = {Advances in Neural Information Processing Systems 27},
	Date-Added = {2017-06-14 12:02:45 +0000},
	Date-Modified = {2017-06-14 12:03:00 +0000},
	Editor = {Z. Ghahramani and M. Welling and C. Cortes and N. D. Lawrence and K. Q. Weinberger},
	Pages = {2672--2680},
	Publisher = {Curran Associates, Inc.},
	Title = {Generative Adversarial Nets},
	Url = {http://papers.nips.cc/paper/5423-generative-adversarial-nets.pdf},
	Year = {2014},
	Bdsk-Url-1 = {http://papers.nips.cc/paper/5423-generative-adversarial-nets.pdf}}

@article{Pan10,
	Acmid = {1850545},
	Address = {Piscataway, NJ, USA},
	Author = {Pan, Sinno Jialin and Yang, Qiang},
	Date-Added = {2017-04-28 16:18:42 +0000},
	Date-Modified = {2017-04-28 16:18:51 +0000},
	Doi = {10.1109/TKDE.2009.191},
	Issn = {1041-4347},
	Issue_Date = {October 2010},
	Journal = {IEEE Trans. on Knowl. and Data Eng.},
	Keywords = {Transfer learning, Transfer learning, survey, machine learning, data mining., data mining., machine learning, survey},
	Month = oct,
	Number = {10},
	Numpages = {15},
	Pages = {1345--1359},
	Publisher = {IEEE Educational Activities Department},
	Title = {A Survey on Transfer Learning},
	Url = {http://dx.doi.org/10.1109/TKDE.2009.191},
	Volume = {22},
	Year = {2010},
	Bdsk-Url-1 = {http://dx.doi.org/10.1109/TKDE.2009.191}}

@article{Iandola16,
	Author = {Forrest N. Iandola and Matthew W. Moskewicz and Khalid Ashraf and Song Han and William J. Dally and Kurt Keutzer},
	Bibsource = {dblp computer science bibliography, http://dblp.org},
	Biburl = {http://dblp.uni-trier.de/rec/bib/journals/corr/IandolaMAHDK16},
	Date-Added = {2017-04-28 13:20:18 +0000},
	Date-Modified = {2017-04-28 13:20:30 +0000},
	Journal = {CoRR},
	Timestamp = {Tue, 01 Mar 2016 17:47:25 +0100},
	Title = {SqueezeNet: AlexNet-level accuracy with 50x fewer parameters and {\textless}1MB model size},
	Url = {http://arxiv.org/abs/1602.07360},
	Volume = {abs/1602.07360},
	Year = {2016},
	Bdsk-Url-1 = {http://arxiv.org/abs/1602.07360}}

@article{He15,
	Author = {Kaiming He and Xiangyu Zhang and Shaoqing Ren and Jian Sun},
	Bibsource = {dblp computer science bibliography, http://dblp.org},
	Biburl = {http://dblp.uni-trier.de/rec/bib/journals/corr/HeZRS15},
	Date-Added = {2017-04-28 12:59:30 +0000},
	Date-Modified = {2017-04-28 12:59:38 +0000},
	Journal = {CoRR},
	Timestamp = {Wed, 30 Mar 2016 23:40:00 +0200},
	Title = {Deep Residual Learning for Image Recognition},
	Url = {http://arxiv.org/abs/1512.03385},
	Volume = {abs/1512.03385},
	Year = {2015},
	Bdsk-Url-1 = {http://arxiv.org/abs/1512.03385}}

@article{Szegedy16,
	Author = {Christian Szegedy and Sergey Ioffe and Vincent Vanhoucke},
	Bibsource = {dblp computer science bibliography, http://dblp.org},
	Biburl = {http://dblp.uni-trier.de/rec/bib/journals/corr/SzegedyIV16},
	Date-Added = {2017-04-27 15:55:43 +0000},
	Date-Modified = {2017-04-27 15:55:51 +0000},
	Journal = {CoRR},
	Timestamp = {Tue, 01 Mar 2016 17:47:25 +0100},
	Title = {Inception-v4, Inception-ResNet and the Impact of Residual Connections on Learning},
	Url = {http://arxiv.org/abs/1602.07261},
	Volume = {abs/1602.07261},
	Year = {2016},
	Bdsk-Url-1 = {http://arxiv.org/abs/1602.07261}}

@article{Szegedy15,
	Author = {Christian Szegedy and Vincent Vanhoucke and Sergey Ioffe and Jonathon Shlens and Zbigniew Wojna},
	Bibsource = {dblp computer science bibliography, http://dblp.org},
	Biburl = {http://dblp.uni-trier.de/rec/bib/journals/corr/SzegedyVISW15},
	Date-Added = {2017-04-27 13:52:40 +0000},
	Date-Modified = {2017-04-27 13:52:47 +0000},
	Journal = {CoRR},
	Timestamp = {Sat, 02 Jan 2016 11:38:49 +0100},
	Title = {Rethinking the Inception Architecture for Computer Vision},
	Url = {http://arxiv.org/abs/1512.00567},
	Volume = {abs/1512.00567},
	Year = {2015},
	Bdsk-Url-1 = {http://arxiv.org/abs/1512.00567}}

@article{Szegedy14,
	Author = {Christian Szegedy and Wei Liu and Yangqing Jia and Pierre Sermanet and Scott E. Reed and Dragomir Anguelov and Dumitru Erhan and Vincent Vanhoucke and Andrew Rabinovich},
	Bibsource = {dblp computer science bibliography, http://dblp.org},
	Biburl = {http://dblp.uni-trier.de/rec/bib/journals/corr/SzegedyLJSRAEVR14},
	Date-Added = {2017-04-27 13:48:11 +0000},
	Date-Modified = {2017-04-27 13:48:22 +0000},
	Journal = {CoRR},
	Timestamp = {Tue, 31 May 2016 18:15:20 +0200},
	Title = {Going Deeper with Convolutions},
	Url = {http://arxiv.org/abs/1409.4842},
	Volume = {abs/1409.4842},
	Year = {2014},
	Bdsk-Url-1 = {http://arxiv.org/abs/1409.4842}}

@article{Lin13,
	Author = {Min Lin and Qiang Chen and Shuicheng Yan},
	Bibsource = {dblp computer science bibliography, http://dblp.org},
	Biburl = {http://dblp.uni-trier.de/rec/bib/journals/corr/LinCY13},
	Date-Added = {2017-04-27 13:46:57 +0000},
	Date-Modified = {2017-04-27 13:47:06 +0000},
	Journal = {CoRR},
	Timestamp = {Mon, 06 Jan 2014 15:10:41 +0100},
	Title = {Network In Network},
	Url = {http://arxiv.org/abs/1312.4400},
	Volume = {abs/1312.4400},
	Year = {2013},
	Bdsk-Url-1 = {http://arxiv.org/abs/1312.4400}}

@article{Simonyan14,
	Author = {Karen Simonyan and Andrew Zisserman},
	Bibsource = {dblp computer science bibliography, http://dblp.org},
	Biburl = {http://dblp.uni-trier.de/rec/bib/journals/corr/SimonyanZ14a},
	Date-Added = {2017-04-27 13:24:22 +0000},
	Date-Modified = {2017-04-27 13:24:38 +0000},
	Journal = {CoRR},
	Timestamp = {Wed, 01 Oct 2014 15:00:05 +0200},
	Title = {Very Deep Convolutional Networks for Large-Scale Image Recognition},
	Url = {http://arxiv.org/abs/1409.1556},
	Volume = {abs/1409.1556},
	Year = {2014},
	Bdsk-Url-1 = {http://arxiv.org/abs/1409.1556}}

@article{Canziani16,
	Author = {Alfredo Canziani and Adam Paszke and Eugenio Culurciello},
	Bibsource = {dblp computer science bibliography, http://dblp.org},
	Biburl = {http://dblp.uni-trier.de/rec/bib/journals/corr/CanzianiPC16},
	Date-Added = {2017-04-27 13:07:10 +0000},
	Date-Modified = {2017-04-27 13:07:21 +0000},
	Journal = {CoRR},
	Timestamp = {Wed, 01 Jun 2016 15:51:08 +0200},
	Title = {An Analysis of Deep Neural Network Models for Practical Applications},
	Url = {http://arxiv.org/abs/1605.07678},
	Volume = {abs/1605.07678},
	Year = {2016},
	Bdsk-Url-1 = {http://arxiv.org/abs/1605.07678}}

@inproceedings{Krizhevsky12,
	Author = {Alex Krizhevsky and Ilya Sutskever and Geoffrey E. Hinton},
	Booktitle = {Advances in Neural Information Processing Systems},
	Date-Added = {2017-04-27 12:42:02 +0000},
	Date-Modified = {2017-04-27 14:00:49 +0000},
	Pages = {2012},
	Title = {Imagenet classification with deep convolutional neural networks},
	Year = {2012}}

@article{Cho14,
	Author = {J Chung and {\c{C}} G{\"{u}}l{\c{c}}ehre and K Cho and Y Bengio},
	Bibsource = {dblp computer science bibliography, http://dblp.org},
	Biburl = {http://dblp.uni-trier.de/rec/bib/journals/corr/ChungGCB14},
	Date-Added = {2017-04-19 07:55:10 +0000},
	Date-Modified = {2017-04-19 07:55:16 +0000},
	Journal = {CoRR},
	Timestamp = {Thu, 01 Jan 2015 19:51:08 +0100},
	Title = {Empirical Evaluation of Gated Recurrent Neural Networks on Sequence Modeling},
	Url = {http://arxiv.org/abs/1412.3555},
	Volume = {abs/1412.3555},
	Year = {2014},
	Bdsk-Url-1 = {http://arxiv.org/abs/1412.3555}}

@article{Schuster97,
	Acmid = {2205129},
	Address = {Piscataway, NJ, USA},
	Author = {Schuster, M. and Paliwal, K.K.},
	Date-Added = {2017-04-19 07:52:32 +0000},
	Date-Modified = {2017-04-19 07:52:38 +0000},
	Doi = {10.1109/78.650093},
	Issn = {1053-587X},
	Issue_Date = {November 1997},
	Journal = {Trans. Sig. Proc.},
	Month = nov,
	Number = {11},
	Numpages = {9},
	Pages = {2673--2681},
	Publisher = {IEEE Press},
	Title = {Bidirectional Recurrent Neural Networks},
	Url = {http://dx.doi.org/10.1109/78.650093},
	Volume = {45},
	Year = {1997},
	Bdsk-Url-1 = {http://dx.doi.org/10.1109/78.650093}}

@article{Hochreiter97,
	Acmid = {1246450},
	Address = {Cambridge, MA, USA},
	Author = {Hochreiter, Sepp and Schmidhuber, J\"{u}rgen},
	Date-Added = {2017-04-19 07:51:14 +0000},
	Date-Modified = {2017-04-19 07:51:25 +0000},
	Doi = {10.1162/neco.1997.9.8.1735},
	Issn = {0899-7667},
	Issue_Date = {November 15, 1997},
	Journal = {Neural Comput.},
	Month = nov,
	Number = {8},
	Numpages = {46},
	Pages = {1735--1780},
	Publisher = {MIT Press},
	Title = {Long Short-Term Memory},
	Url = {http://dx.doi.org/10.1162/neco.1997.9.8.1735},
	Volume = {9},
	Year = {1997},
	Bdsk-Url-1 = {http://dx.doi.org/10.1162/neco.1997.9.8.1735}}
	
	@article{Chollet16,
  author    = {Fran{\c{c}}ois Chollet},
  title     = {Xception: Deep Learning with Depthwise Separable Convolutions},
  journal   = {CoRR},
  volume    = {abs/1610.02357},
  year      = {2016},
  url       = {http://arxiv.org/abs/1610.02357},
  archivePrefix = {arXiv},
  eprint    = {1610.02357},
  timestamp = {Mon, 13 Aug 2018 16:46:20 +0200},
  biburl    = {https://dblp.org/rec/bib/journals/corr/Chollet16a},
  bibsource = {dblp computer science bibliography, https://dblp.org}
}

@article{Zhang19,
 author = {Zhang, Shuai and Yao, Lina and Sun, Aixin and Tay, Yi},
 title = {Deep Learning Based Recommender System: A Survey and New Perspectives},
 journal = {ACM Comput. Surv.},
 issue_date = {February 2019},
 volume = {52},
 number = {1},
 month = feb,
 year = {2019},
 issn = {0360-0300},
 pages = {5:1--5:38},
 articleno = {5},
 numpages = {38},
 url = {http://doi.acm.org/10.1145/3285029},
 doi = {10.1145/3285029},
 acmid = {3285029},
 publisher = {ACM},
 address = {New York, NY, USA},
 keywords = {Recommender system, deep learning, survey},
} 

@inproceedings{Nair10,
  added-at = {2010-09-06T00:00:00.000+0200},
  author = {V. Nair and G. Hinton},
  biburl = {https://www.bibsonomy.org/bibtex/2059683ca9b2457d248942520babbe000/dblp},
  booktitle = {ICML},
  editor = {Fürnkranz, Johannes and Joachims, Thorsten},
  ee = {http://www.icml2010.org/papers/432.pdf},
  interhash = {acefcb0a5d1a937232f02f3fe0d5ab86},
  intrahash = {059683ca9b2457d248942520babbe000},
  keywords = {dblp},
  pages = {807-814},
  publisher = {Omnipress},
  timestamp = {2015-06-19T11:36:45.000+0200},
  title = {Rectified Linear Units Improve Restricted Boltzmann Machines.},
  url = {http://dblp.uni-trier.de/db/conf/icml/icml2010.html#NairH10},
  year = 2010
}

@inproceedings{Girshick14,
  added-at = {2018-07-11T15:15:36.000+0200},
  author = {Girshick, R. and Donahue, J. and Darrell, T. and Malik, J.},
  biburl = {https://www.bibsonomy.org/bibtex/29ba93d5896b7764792496bfd48d910c9/analyst},
  booktitle = {2014 IEEE Conference on Computer Vision and Pattern Recognition (CVPR)},
  description = {Rich Feature Hierarchies for Accurate Object Detection and Semantic Segmentation},
  doi = {10.1109/CVPR.2014.81},
  interhash = {4c511ede9ea6999f7965dc94578f561d},
  intrahash = {9ba93d5896b7764792496bfd48d910c9},
  issn = {1063-6919},
  keywords = {2014 computer-vision cvpr detection ieee paper segmentation semantic},
  month = {June},
  pages = {580-587},
  timestamp = {2018-07-11T15:15:36.000+0200},
  title = {Rich Feature Hierarchies for Accurate Object Detection and Semantic Segmentation},
  url = {https://ieeexplore.ieee.org/abstract/document/6909475/},
  volume = 00,
  year = 2014
}

@inproceedings{Selvaraju17,
  added-at = {2018-01-11T00:00:00.000+0100},
  author = {Selvaraju, Ramprasaath R. and Cogswell, Michael and Das, Abhishek and Vedantam, Ramakrishna and Parikh, Devi and Batra, Dhruv},
  biburl = {https://www.bibsonomy.org/bibtex/2f510d2fbeb8f8bc21f44ff62df3d291a/dblp},
  booktitle = {ICCV},
  ee = {http://doi.ieeecomputersociety.org/10.1109/ICCV.2017.74},
  interhash = {14e7991f774cb73e9dd13d23fd8898ab},
  intrahash = {f510d2fbeb8f8bc21f44ff62df3d291a},
  isbn = {978-1-5386-1032-9},
  keywords = {dblp},
  pages = {618-626},
  publisher = {IEEE Computer Society},
  timestamp = {2019-10-17T11:41:24.000+0200},
  title = {Grad-CAM: Visual Explanations from Deep Networks via Gradient-Based Localization.},
  url = {http://dblp.uni-trier.de/db/conf/iccv/iccv2017.html#SelvarajuCDVPB17},
  year = 2017
}

@article{Yosinski15,
  added-at = {2018-01-25T11:04:48.000+0100},
  author = {Yosinski, Jason and Clune, Jeff and Nguyen, Anh Mai and Fuchs, Thomas J. and Lipson, Hod},
  biburl = {https://www.bibsonomy.org/bibtex/2f5e392112cf8f97b0fee7fed69287361/kmilian},
  ee = {http://arxiv.org/abs/1506.06579},
  interhash = {55607c2c801a350f3b1f00daf6d76c13},
  intrahash = {f5e392112cf8f97b0fee7fed69287361},
  journal = {CoRR},
  keywords = {dl},
  timestamp = {2018-01-25T11:04:48.000+0100},
  title = {Understanding Neural Networks Through Deep Visualization.},
  url = {http://dblp.uni-trier.de/db/journals/corr/corr1506.html#YosinskiCNFL15},
  volume = {abs/1506.06579},
  year = 2015
}

@article{He17,
  author    = {K. He and
               G. Gkioxari and
               P. Doll{\'{a}}r and
               R. B. Girshick},
  title     = {Mask {R-CNN}},
  journal   = {CoRR},
  volume    = {abs/1703.06870},
  year      = {2017},
  url       = {http://arxiv.org/abs/1703.06870},
  timestamp = {Wed, 07 Jun 2017 14:42:32 +0200},
  biburl    = {http://dblp.uni-trier.de/rec/bib/journals/corr/HeGDG17},
  bibsource = {dblp computer science bibliography, http://dblp.org}
}

@article{Gatys15,
  author    = {L.A. Gatys and
               A.S. Ecker and
               M. Bethge},
  title     = {A Neural Algorithm of Artistic Style},
  journal   = {CoRR},
  volume    = {abs/1508.06576},
  year      = {2015}
}

@inproceedings{Zhu17,
  author    = {Jun{-}Yan Zhu and
               Taesung Park and
               Phillip Isola and
               Alexei A. Efros},
  title     = {Unpaired Image-to-Image Translation Using Cycle-Consistent Adversarial
               Networks},
  booktitle = {{IEEE} International Conference on Computer Vision, {ICCV} 2017, Venice,
               Italy, October 22-29, 2017},
  pages     = {2242--2251},
  publisher = {{IEEE} Computer Society},
  year      = {2017},
  url       = {https://doi.org/10.1109/ICCV.2017.244},
  doi       = {10.1109/ICCV.2017.244},
  timestamp = {Wed, 16 Oct 2019 14:14:51 +0200},
  biburl    = {https://dblp.org/rec/conf/iccv/ZhuPIE17.bib},
  bibsource = {dblp computer science bibliography, https://dblp.org}
}


@inproceedings{Vaswani17,
 author = {Vaswani, Ashish and Shazeer, Noam and Parmar, Niki and Uszkoreit, Jakob and Jones, Llion and Gomez, Aidan N and Kaiser, \L ukasz and Polosukhin, Illia},
 booktitle = {Advances in Neural Information Processing Systems},
 editor = {I. Guyon and U. Von Luxburg and S. Bengio and H. Wallach and R. Fergus and S. Vishwanathan and R. Garnett},
 pages = {},
 publisher = {Curran Associates, Inc.},
 title = {Attention is All you Need},
 url = {https://proceedings.neurips.cc/paper_files/paper/2017/file/3f5ee243547dee91fbd053c1c4a845aa-Paper.pdf},
 volume = {30},
 year = {2017}
}

